<?xml version="1.0" encoding="UTF-8"?><collection xmlns="http://www.loc.gov/MARC21/slim"><record><leader>00592nam--2200193-u-4500</leader><controlfield tag="001">000056928</controlfield><controlfield tag="002">20200917</controlfield><controlfield tag="005">20200917032641</controlfield><controlfield tag="008">200917s1000------------r-----000-0-eng-d</controlfield><datafield ind1=" " ind2=" " tag="040"><subfield code="a">IFIN-HH</subfield></datafield><datafield ind1=" " ind2=" " tag="041"><subfield code="a">eng</subfield></datafield><datafield ind1="1" ind2=" " tag="100"><subfield code="a">Akhbarov, Almzhan</subfield></datafield><datafield ind1="1" ind2="0" tag="245"><subfield code="a">From London to Astana: History of International Exhibitions. 1970-2017 Vol. III</subfield><subfield code="c">Almzhan Akhbarov; Bolat Zhamkenov; Ivan Prostakov; Mark Ashcroft (Eds.)</subfield></datafield><datafield ind1=" " ind2=" " tag="260"><subfield code="b">BDS</subfield><subfield code="c">2015</subfield></datafield><datafield ind1=" " ind2=" " tag="300"><subfield code="a">339 p</subfield></datafield><datafield ind1=" " ind2=" " tag="500"><subfield code="a">Donatie Acad. Nicolae Victor Zamfir</subfield></datafield><datafield ind1="1" ind2=" " tag="700"><subfield code="a">Ashcroft, Mark</subfield></datafield><datafield ind1=" " ind2=" " tag="852"><subfield code="a">82861</subfield><subfield code="c">NVZ</subfield></datafield><datafield ind1=" " ind2=" " tag="CAT"><subfield code="a">SYS</subfield><subfield code="c">20200917</subfield><subfield code="h">032641</subfield></datafield></record></collection>